@InProceedings{FP12,
  author    = {Aleksandar Prokopec and Heather Miller and
               Tobias Schlatter and Philipp Haller and
               Martin Odersky},
  title     = {FlowPools: A Lock-Free Deterministic Concurrent Dataflow Abstraction},
  booktitle = {Workshops on Languages and Compilers for Parallel Computing},
  year      = {2012}
}