@Proceedings{Prokopec12,
  author    = "Aleksandar Prokopec and Heather Miller and Tobias Schlatter and Philipp Haller and Martin Odersky",
  title     = "FlowPools: a lock-free deterministic concurrent dataflow abstraction",
  booktitle = "25th Workshop on Languages and Compilers for Parallel Computing",
  month     = sep,
  year      = "2012",
  address   = "Tokyo, Japan",
}