@InProceedings{FP12,
  author    = {Aleksandar Prokopec and Heather Miller and
               Tobias Schlatter and Philipp Haller and
               Martin Odersky},
  title     = {FlowPools: A Lock-Free Deterministic Concurrent Dataflow Abstraction},
  booktitle = {Workshops on Languages and Compilers for Parallel Computing},
  year      = 2012
}

@misc{collect11,
  author    = {Prokopec, Aleksandar and Rompf, Tiark and Bagwell, Phil and Odersky, Martin},
  title     = {On A Generic Parallel Collection Framework},
  year      = 2011,
  ref       = {EPFL-REPORT-165523}
}

@article{SchererLS09,
  author    = {William N. Scherer III and
               Doug Lea and
               Michael L. Scott},
  title     = {Scalable synchronous queues},
  journal   = {Commun. ACM},
  volume    = {52},
  number    = {5},
  year      = {2009},
  pages     = {100-111},
  ee        = {http://doi.acm.org/10.1145/1506409.1506431},
  bibsource = {DBLP, http://dblp.uni-trier.de}
}

@InProceedings{Michael96,
  title =	"Simple, Fast, and Practical Non-Blocking and Blocking Concurrent Queue Algorithms",
  author =	"Maged M. Michael and Michael L. Scott",
  year = 	"1996",
  booktitle =	"PODC",
  pages =	"267--275",
}