@Article{Halstead85,
  author =	"Jr. R. H. Halstead",
  title =	"Multi{LISP}: {A} Language for Concurrent Symbolic Computation",
  journal =	"ACM Transactions on Programming Languages and Systems",
  volume =	"7",
  number =	"4",
  pages =	"501--538",
  month =	Oct,
  year = 	"1985",
}

@Article{Arvind89,
  author =	"Arvind and R. S. Nikhil and K. K. Pingali",
  title =	"{I}-Structures: Data Structures for Parallel Computing",
  journal =	"ACM Transactions on Programming Languages and Systems",
  volume =	"11",
  number =	"4",
  pages =	"598--632",
  month =	Oct,
  year = 	"1989",
}

@Article{HerlihyWing90,
  title =	"Linearizability: {A} Correctness Condition for Concurrent Objects",
  author =	"Maurice Herlihy and Jeannette M. Wing",
  journal =	"ACM Transactions on Programming Languages and Systems",
  pages =	"463--492",
  month =	Jul,
  year = 	"1990",
  volume =	"12",
  number =	"3",
}

@InProceedings{Herlihy90,
  title =	"A Methodology for Implementing Highly Concurrent Data Structures",
  author =	"Maurice Herlihy",
  year = 	"1990",
  booktitle =	"PPoPP",
  pages =	"197--206",
}

@InProceedings{Michael96,
  title =	"Simple, Fast, and Practical Non-Blocking and Blocking Concurrent Queue Algorithms",
  author =	"Maged M. Michael and Michael L. Scott",
  year = 	"1996",
  booktitle =	"PODC",
  pages =	"267--275",
}

@InCollection{Moir05,
  author =	"Moir and Shavit",
  editor =	"Mehta and Sahni",
  title =	"Concurrent Data Structures",
  booktitle =	"Handbook of Data Structures and Applications, Chapman \& Hall/CRC, 2005",
  year = 	"2005",
}

@Book{Herlihy08,
  title =	"The Art of Multiprocessor Programming",
  author =	"Maurice Herlihy and Nir Shavit",
  month =	Apr,
  year = 	"2008",
  publisher =	"Morgan Kaufman",
  ISBN = 	"0123705916",
}

@Article{Chambers10,
  author =	"Craig Chambers and Ashish Raniwala and Frances Perry
		 and Stephen Adams and Robert R. Henry and Robert
		 Bradshaw and Nathan Weizenbaum",
  title =	"{FlumeJava}: easy, efficient data-parallel pipelines",
  journal =	"ACM SIG{\-}PLAN Notices",
  volume =	"45",
  number =	"6",
  pages =	"363--375",
  month =	Jun,
  year = 	"2010",
}

@Article{Shavit11,
  title =	"Data structures in the multicore age",
  author =	"Nir Shavit",
  journal =	"Communications of the ACM",
  year = 	"2011",
  number =	"3",
  volume =	"54",
  pages =	"76--84",
}

@Book{RoyH2004,
  author    = {Peter Van Roy and
               Seif Haridi},
  title     = {Concepts, Techniques, and Models of Computer Programming},
  publisher = {MIT Press},
  year      = {2004},
  isbn      = {0-262-22069-5},
  bibsource = {DBLP, http://dblp.uni-trier.de}
}

@article{SchererLS09,
  author    = {William N. Scherer III and
               Doug Lea and
               Michael L. Scott},
  title     = {Scalable synchronous queues},
  journal   = {Commun. ACM},
  volume    = {52},
  number    = {5},
  year      = {2009},
  pages     = {100-111},
  ee        = {http://doi.acm.org/10.1145/1506409.1506431},
  bibsource = {DBLP, http://dblp.uni-trier.de}
}

@article{Mellor87,
  author    = {John M. Mellor-Crummey},
  title     = {Concurrent Queues: Practical Fetch-and-Î¦ Algorithms},
  booktitle = {Technical Report},
  year      = {1987},
}

@InProceedings{Hewitt77,
  author    = {Henry C. Baker, Jr. and
               Carl Hewitt},
  title     = {The incremental garbage collection of processes},
  booktitle = {Proceedings of the 1977 symposium on Artificial intelligence and programming languages},
  year      = {1977}
}

@InProceedings{Wise76,
  author    = {Daniel Friedman and
               David Wise},
  title     = {The Impact of Applicative Programming on Multiprocessing},
  booktitle = {International Conference on Parallel Processing},
  year      = {1976}
}